%%%%%%%%%%%%%%%%%%%%%%%%%%%%%%%%%%%%%%
% Empreendedorismo
%%%%%%%%%%%%%%%%%%%%%%%%%%%%%%%%%%%%%%

% http://books.google.com.br/books?id=l6x-ENKYbXYC
@book{bygrave2010entrepreneurship,
  title={Entrepreneurship},
  author={Bygrave, W.D. and Zacharakis, A.},
  isbn={9780470450376},
  lccn={2010027088},
  year={2010},
  publisher={John Wiley \& Sons}
}

% http://books.google.com.br/books?id=40-5AAAAIAAJ
@book{timmons2004new,
  title={New venture creation: entrepreneurship for the 21st century},
  author={Timmons, J.A. and Spinelli, S.},
  isbn={9780071232722},
  lccn={2003042005},
  year={2004},
  publisher={McGraw-Hill/Irwin}
}


% http://books.google.com.br/books?id=2v-aWpdgoPQC
@book{cuervo2007entrepreneurship,
  title={Entrepreneurship: Concepts, Theory and Perspective},
  author={Cuervo, {\'A}. and Ribeiro, D. and Roig, S.},
  isbn={9783540485421},
  lccn={06936629},
  year={2007},
  publisher={Springer}
}

% http://books.google.com.br/books?id=5M-CzgovRG4C
@book{fayolle2007handbook,
  title={Handbook of Research in Entrepreneurship Education, V.1: A General Perspective},
  author={Fayolle, A.},
  isbn={9781845421069},
  lccn={2006017881},
  series={Handbook of Reseach in Entrepreneurship Education},
  year={2007},
  publisher={Edward Elgar Pub}
}


%%%%%%%%%%%%%%%%%%%%%%%%%%%%%%%%%%%%%%
% Administração / Estratégia
%%%%%%%%%%%%%%%%%%%%%%%%%%%%%%%%%%%%%%

% http://books.google.com.br/books?id=ia-vQgAACAAJ
@book{porter2003competitive,
  title={The Competitive Strategy: Techniques for Analyzing Industries and Competitors},
  author={Porter, M.E.},
  isbn={9780743260886},
  year={2003},
  publisher={Simon \& Schuster}
}

%url={http://books.google.com.br/books?id=NKlIn7hMK1AC},
@book{porter2008competition,
  title={On Competition, Updated And Expanded Edition},
  author={Porter, M.E.},
  isbn={9781422126967},
  lccn={98007643},
  series={Harvard Business Review Book Series},
  year={2008},
  publisher={Harvard Business School Pub.}
}

%url={http://books.google.com.br/books?id=DpfqAAAACAAJ},
@book{weston2000fundamentos,
  title={Fundamentos da administra{\c{c}}{\~a}o financeira},
  author={Weston, J.F. and Brigham, E.F.},
  isbn={9788534607957},
  year={2000},
  publisher={MAKRON}
}

%%%%%%%%%%%%%%%%%%%%%%%%%%%%%%%%%%%%%%
% Marketing
%%%%%%%%%%%%%%%%%%%%%%%%%%%%%%%%%%%%%%

% http://books.google.com.br/books?id=rHBKk7M\_GPoC
@book{moore2010marketing,
  title={Marketing: The Basics},
  author={Moore, K. and Pareek, N.},
  isbn={9780415778992},
  lccn={2010483152},
  series={The Basics},
  year={2010},
  publisher={Taylor \& Francis Group}
}

%url={http://books.google.com.br/books?id=p1v6UEVixy8C},
@book{chiavenato2004introduçao,
  title={Introdu{\c{c}}ao a Teoria Geral Da Administra{\c{c}}ao},
  author={Chiavenato, I.},
  isbn={9788535213485},
  year={2004},
  publisher={CAMPUS}
}


%%%%%%%%%%%%%%%%%%%%%%%%%%%%%%%%%%%%%%
% Produção
%%%%%%%%%%%%%%%%%%%%%%%%%%%%%%%%%%%%%%

%url={http://books.google.com.br/books?id=n39Psu1VPOYC},
@book{slack2009operations,
  title={Operations and Process Management: Principles and Practice for Strategic Impact},
  author={Slack, N. and Chambers, S. and Johnston, R.},
  isbn={9780273718512},
  lccn={2008039182},
  year={2009},
  publisher={Prentice Hall}
}

%url={http://books.google.com.br/books?id=gR7mQgAACAAJ},
@book{slack2002administração,
  title={Administra{\c{c}}{\~a}o da produ{\c{c}}{\~a}o},
  author={Slack, N. and Chambers, S. and Johnston, R.},
  isbn={9788522432509},
  year={2002},
  publisher={Atlas}
}

%url={http://books.google.com.br/books?id=W-0IOqX0Kc8C},
@book{nigel2009operations,
  title={Operations Strategy, 2/E},
  author={Nigel, S.},
  isbn={9788131725726},
  year={2009},
  publisher={Pearson Education}
}



%%%%%%%%%%%%%%%%%%%%%%%%%%%%%%%%%%%%%%
% Análise financeira
%%%%%%%%%%%%%%%%%%%%%%%%%%%%%%%%%%%%%%

%url={http://books.google.com.br/books?id=5jjFoDkavoAC},
@book{gitman2006principios,
  title={Principios de Administracao Financeira},
  author={Gitman, L.J.},
  isbn={9788573077766},
  year={2006},
  publisher={Bookman}
}

%%%%%%%%%%%%%%%%%%%%%%%%%%%%%%%%%%%%%%
% Investimento
%%%%%%%%%%%%%%%%%%%%%%%%%%%%%%%%%%%%%%

%url={http://books.google.com.br/books?id=QbulCG1ConYC},
@book{gitman2008fundamentals,
  title={Fundamentals of Investing},
  author={Gitman, L.J. and Joehnk, M.D.},
  isbn={9780321468512},
  lccn={2004044395},
  series={The Addison-Wesley Series in Finance},
  year={2008},
  publisher={Pearson Addison Wesley}
}

